@misc{Fakenews,
    author    = "Claire Wardle",
    title     = "Fake news. It’s complicated.",
    year      = "2017",
    url       = "https://firstdraftnews.org/articles/fake-news-complicated"
}

@misc{Echobox,
    author    = "Team Echobox",
    title     = "4 insights into social media traffic from our Social Media Index.",
    year      = "2021",
    url       = "https://www.echobox.com/resources/blog/social-media-is-driving-traffic-to-news-websites-and-one-source-dwarfs-all-others"
}

@misc{Signal,
    author    = "Signal",
    title     = "GitHub - signalapp/Signal-Android.",
    year      = "2011",
    url       = "https://github.com/signalapp/Signal-Android"
}

@misc{Exception,
    author    = "Maarten Bodewes",
    title     = "Android signature initVerify cause exception.",
    year      = "2019",
    url       = "https://stackoverflow.com/questions/59438751/android-signature-initverify-cause-exception#comment105063546_59438751"
}

@misc{OP-TEE,
    author    = "OP-TEE",
    title     = "About OP-TEE — OP-TEE documentation.",
    year      = "2013",
    url       = "https://optee.readthedocs.io/en/latest/general/about.html"
}

@misc{RSA,
    author    = "Jay Thakkar",
    title     = "ECDSA vs RSA: Everything You Need to Know.",
    year      = "2020",
    url       = "https://sectigostore.com/blog/ecdsa-vs-rsa-everything-you-need-to-know"
}
